%% This BibTeX bibliography file was created using BibDesk.
%% http://bibdesk.sourceforge.net/


%% Created for Vadim Bulitko at 2013-09-06 14:44:18 -0600 


%% Saved with string encoding Unicode (UTF-8) 



@article{flow,
	Author = {Vadim Bulitko and Matthew Brown},
	Date-Added = {2013-09-06 20:43:20 +0000},
	Date-Modified = {2013-09-06 20:44:17 +0000},
	Journal = {Advances in Cognitive Systems},
	Pages = {239-256},
	Title = {Flow Maximization as a Guide to Optimizing Performance: A Computa- tional Model},
	Volume = {2},
	Year = {2012}}

@book{Ludlum:84,
	Author = {Robert Ludlum},
	Pages = {544},
	Publisher = {Bantam},
	Title = {The Bourne Identity},
	Year = {1984}}

@inproceedings{Bulitko:05b,
	Address = {Pittsburgh, Pennsylvania},
	Arate = {18},
	Author = {Vadim Bulitko and Nathan Sturtevant and Maryia Kazakevich},
	Booktitle = {Proceedings of the National Conference on Artificial Intelligence (AAAI)},
	Pages = {1349 -- 1354},
	Pdf = {http://www.cs.ualberta.ca/\~bulitko/ircl/lrts/pubs/AAAI051BulitkoV.pdf},
	Title = {Speeding Up Learning in Real-time Search via Automatic State Abstraction},
	Year = {2005}}
