%% This BibTeX bibliography file was created using BibDesk.
%% http://bibdesk.sourceforge.net/


%% Created for Vadim Bulitko at 2013-09-06 14:44:18 -0600


%% Saved with string encoding Unicode (UTF-8)


@inproceedings{rtnn,
    title = {A Neural Network for Decision Making in Real-Time Heuristic Search},
    author = {Mu{\~n}oz, Franco and Fadic, Miguel and Hern{\'a}ndez, Carlos and Baier, Jorge A},
    booktitle = {Eleventh Annual Symposium on Combinatorial Search},
    year = {2018}
}

@inproceedings{casebase_formation,
    title = {On case base formation in real-time heuristic search},
    author = {Bulitko, Vadim and Rayner, Chris and Lawrence, Ramon},
    booktitle = {Eighth Artificial Intelligence and Interactive Digital Entertainment Conference},
    year = {2012}
}

@article{lrta,
    title = {Learning in real-time search: A unifying framework},
    author = {Bulitko, Vadim and Lee, Greg},
    journal = {Journal of Artificial Intelligence Research},
    volume = {25},
    pages = {119--157},
    year = {2006}
}

@inproceedings{pytorch,
    title = {PyTorch: An imperative style, high-performance deep learning library},
    author = {Paszke, Adam and Gross, Sam and Massa, Francisco and Lerer, Adam and Bradbury, James and Chanan, Gregory and Killeen, Trevor and Lin, Zeming and Gimelshein, Natalia and Antiga, Luca and others},
    booktitle = {Advances in Neural Information Processing Systems},
    pages = {8024--8035},
    year = {2019}
}

@inproceedings{learning_cost,
    title = {Learning Heuristic Functions Faster by Using Predicted Solution Costs.},
    author = {Lelis, Levi HS and Arfaee, Shahab Jabbari and Zilles, Sandra and Holte, Robert C},
    booktitle = {SOCS},
    year = {2012}
}

@article{weighted_lrta,
    title = {Incorporating weights into real-time heuristic search},
    author = {Rivera, Nicol{\'a}s and Baier, Jorge A and Hern{\'a}ndez, Carlos},
    journal = {Artificial Intelligence},
    volume = {225},
    pages = {1--23},
    year = {2015},
    publisher = {Elsevier}
}

@inproceedings{knnlrta,
    title = {kNN LRTA*: Simple Subgoaling for Real-Time Search.},
    author = {Bulitko, Vadim and Bj{\"o}rnsson, Yngvi},
    year = {2009}
}

@article{benchmarks,
    title = {Benchmarks for Grid-Based Pathfinding},
    author = {Sturtevant, N.},
    journal = {Transactions on Computational Intelligence and AI in Games},
    volume = {4},
    number = {2},
    pages = {144 -- 148},
    year = {2012},
    url = {http://web.cs.du.edu/~sturtevant/papers/benchmarks.pdf},
}

@inproceedings{dlrta,
    title = {Dynamic Control in Path-Planning with Real-Time Heuristic Search.},
    author = {Bulitko, Vadim and Bj{\"o}rnsson, Yngvi and Schaeffer, Jonathan and Sigmundarson, Sverrir},
    year = {2007}
}

@inproceedings{hcdps,
    title = {Taking learning out of real-time heuristic search for video-game pathfinding},
    author = {Lawrence, Ramon and Bulitko, Vadim},
    booktitle = {Australasian Joint Conference on Artificial Intelligence},
    pages = {405--414},
    year = {2010},
    organization = {Springer}
}

